<?xml version="1.0" encoding="UTF-8"?><collection xmlns="http://www.loc.gov/MARC21/slim"><record><leader>00574nam--2200205-u-4500</leader><controlfield tag="001">000055004</controlfield><controlfield tag="002">20161230</controlfield><controlfield tag="005">20161230201051</controlfield><controlfield tag="008">120801s1000------------r-----000-0-eng-d</controlfield><datafield ind1=" " ind2=" " tag="020"><subfield code="a">9783642255717</subfield></datafield><datafield ind1=" " ind2=" " tag="040"><subfield code="a">IFIN-HH</subfield></datafield><datafield ind1=" " ind2=" " tag="080"><subfield code="a">001.2</subfield></datafield><datafield ind1="1" ind2=" " tag="100"><subfield code="a">Dragoman, Daniela</subfield></datafield><datafield ind1="1" ind2="0" tag="245"><subfield code="a">Bionanoelectronics</subfield><subfield code="b">Bioinquiring and bioinspired devices</subfield><subfield code="c">Daniela dragoman, mircea dragoman</subfield></datafield><datafield ind1=" " ind2=" " tag="260"><subfield code="a">Heidelberg</subfield><subfield code="b">Springer</subfield><subfield code="c">2012</subfield></datafield><datafield ind1=" " ind2=" " tag="300"><subfield code="a">254P</subfield></datafield><datafield ind1=" " ind2=" " tag="490"><subfield code="a">Nanoscience And Technology</subfield></datafield><datafield ind1="1" ind2=" " tag="700"><subfield code="a">Dragoman, Mircea</subfield></datafield><datafield ind1=" " ind2=" " tag="852"><subfield code="a">82338</subfield><subfield code="c">001.2</subfield></datafield><datafield ind1=" " ind2=" " tag="CAT"><subfield code="a">Sys</subfield><subfield code="c">20120801</subfield><subfield code="h">142800</subfield></datafield></record></collection>